<record><leader>00000cas a2200000 a 4500</leader><controlfield tag="001">31897977</controlfield><controlfield tag="008">950127d1955195uiluer ne      0   a0eng c</controlfield><datafield ind1=" " ind2=" " tag="010"><subfield code="a">sn 95066044 </subfield></datafield><datafield ind1=" " ind2=" " tag="040"><subfield code="a">NVF</subfield><subfield code="b">eng</subfield><subfield code="c">NVF</subfield><subfield code="d">OCLCQ</subfield><subfield code="d">NVF</subfield><subfield code="d">OCLCQ</subfield><subfield code="d">NVF</subfield><subfield code="d">OCLCO</subfield><subfield code="d">NVF</subfield><subfield code="d">OCLCO</subfield><subfield code="d">OCLCF</subfield></datafield><datafield ind1="1" ind2=" " tag="029"><subfield code="a">AU@</subfield><subfield code="b">000011526867</subfield></datafield><datafield ind1=" " ind2=" " tag="042"><subfield code="a">pcc</subfield></datafield><datafield ind1=" " ind2=" " tag="043"><subfield code="a">n-us-il</subfield></datafield><datafield ind1="0" ind2="4" tag="245"><subfield code="a">The Riverside press shoppers guide.</subfield></datafield><datafield ind1="3" ind2=" " tag="246"><subfield code="a">Riverside press shoppers' guide</subfield></datafield><datafield ind1=" " ind2=" " tag="260"><subfield code="a">Oquawka, Ill. :</subfield><subfield code="b">[publisher not identified],</subfield><subfield code="c">1955-[195-?]</subfield></datafield><datafield ind1=" " ind2=" " tag="300"><subfield code="a">volumes</subfield></datafield><datafield ind1=" " ind2=" " tag="310"><subfield code="a">Biweekly,</subfield><subfield code="b">Mar. 3-&lt;Dec. 22, 1955&gt;</subfield></datafield><datafield ind1=" " ind2=" " tag="321"><subfield code="a">Monthly,</subfield><subfield code="b">Feb. 3, 1955</subfield></datafield><datafield ind1="0" ind2=" " tag="362"><subfield code="a">Vol. 1, no. 1 (Feb. 3, 1955)-</subfield></datafield><datafield ind1=" " ind2=" " tag="588"><subfield code="a">Latest issue consulted: Dec. 22, 1955.</subfield></datafield><datafield ind1=" " ind2="0" tag="650"><subfield code="a">Shopping</subfield><subfield code="z">Illinois</subfield><subfield code="z">Oquawka</subfield><subfield code="v">Guidebooks</subfield><subfield code="v">Newspapers.</subfield></datafield><datafield ind1=" " ind2="0" tag="650"><subfield code="a">Retail trade</subfield><subfield code="z">Illinois</subfield><subfield code="z">Oquawka</subfield><subfield code="v">Guidebooks</subfield><subfield code="v">Newspapers.</subfield></datafield><datafield ind1=" " ind2="0" tag="651"><subfield code="a">Oquawka (Ill.)</subfield><subfield code="v">Newspapers.</subfield></datafield><datafield ind1=" " ind2="7" tag="655"><subfield code="a">Newspapers.</subfield><subfield code="2">fast</subfield><subfield code="0">(OCoLC)fst01423814</subfield></datafield><datafield ind1=" " ind2="7" tag="650"><subfield code="a">Retail trade.</subfield><subfield code="2">fast</subfield><subfield code="0">(OCoLC)fst01096067</subfield></datafield><datafield ind1=" " ind2="7" tag="650"><subfield code="a">Shopping.</subfield><subfield code="2">fast</subfield><subfield code="0">(OCoLC)fst01116884</subfield></datafield><datafield ind1=" " ind2="7" tag="651"><subfield code="a">Illinois</subfield><subfield code="z">Oquawka.</subfield><subfield code="2">fast</subfield><subfield code="0">(OCoLC)fst01926155</subfield></datafield><datafield ind1=" " ind2=" " tag="752"><subfield code="a">United States</subfield><subfield code="b">Illinois</subfield><subfield code="c">Henderson County</subfield><subfield code="d">Oquawka.</subfield></datafield><datafield ind1="0" ind2="0" tag="785"><subfield code="t">Riverside press (Oquawka, Ill.)</subfield><subfield code="w">(DLC)sn 93055505</subfield><subfield code="w">(OCoLC)27478851</subfield></datafield></record>